@inproceedings{Sterling95,
author = {Thomas L. Sterling and Daniel Savarese and Donald J. Becker and John E. Dorband and Udaya A. Ranawake and Charles V. Packer},
title = {{BEOWULF: A Parallel Workstation for Scientific Computation}},
booktitle = {{24\textsuperscript{th} International Conference on Parallel Processing (ICPP)}},
year = {1995},
volume = {1: Architecture},
pages = {11--14},
publisher = {CRC Press}
}

@article{citeulike:1672503,
author = {Douglass E. Post and Lawrence G. Votta},
title = {{Computational Science Demands a New Paradigm}},
journal = {Physics Today},
year = {2005},
pages = {35--41},
volume = {58},
publisher = {American Center for Physics},
note = {\href{http://dx.doi.org/10.1063/1.1881898}{\texttt{DOI 10.1063/1.1881898}}}
}

@article{10.1109/MCSE.2005.34,
author = {Jack J. Dongarra and Thomas Sterling and Horst Simon and Erich Strohmaier},
title = {{High-Performance Computing: Clusters, Constellations, MPPs, and Future Directions}},
journal = {Computing in Science and Engineering},
volume = {7},
number = {2},
year = {2005},
issn = {1521-9615},
pages = {51--59},
note = {\href{http://doi.ieeecomputersociety.org/10.1109/MCSE.2005.34}{\texttt{DOI 10.1109/MCSE.2005.34}}},
publisher = {IEEE / American Institue of Physics}
}

@book{HeathSciComp1997,
title = {{Scientific Computing: An Introductory Survey}},
author = {Michael T. Heath},
note = {\href{http://www.worldcat.org/isbn/9780070276840}{\texttt{ISBN 9780070276840}}},
publisher = {McGraw-Hill},
year = {1997}
}

@book{HeathSciComp2002,
title = {{Scientific Computing: An Introductory Survey}},
author = {Michael T. Heath},
note = {\url{http://www.cse.uiuc.edu/heath/scicomp/}},
publisher = {McGraw-Hill},
edition = {2\textsuperscript{nd}},
year = {2002},
isbn = {0-07-239910-4}
}

@book{Ueberhuber1997b,
author = {Christoph W. \"Uberhuber},
title = {{Numerical computation 2 -- Methods, Software, and Analysis}},
publisher = {Springer},
year = {1997},
note = {\href{http://www.worldcat.org/isbn/9783540620570}{\texttt{ISBN 9783540620570}}}
}






